@misc{kopka1999guide,
  title={A guide to LATEX},
  author={Kopka, Helmut and Daly, Patrick W},
  year={1999},
  publisher={Addison-Wesley Harlow, UK}
}

@book{lamport1994latex,
  title={LATEX: a document preparation system: user's guide and reference manual},
  author={Lamport, Leslie},
  year={1994},
  publisher={Addison-wesley}
}
@article{swope1982computer,
  title={A computer simulation method for the calculation of equilibrium constants for the formation of physical clusters of molecules: Application to small water clusters},
  author={Swope, William C and Andersen, Hans C and Berens, Peter H and Wilson, Kent R},
  journal={The Journal of Chemical Physics},
  volume={76},
  number={1},
  pages={637--649},
  year={1982},
  publisher={AIP}
}
@inproceedings{huo2007short,
  title={Short-term load forecasting based on improved genetic programming},
  author={Huo, Limin},
  booktitle={IEEE proceeding},
  year={2007}
}

