@electronic{online:fitbit,
  author        = "James Peckham",
  title         = "Fitbit Blaze review",
  url           = "http://www.techradar.com/reviews/wearables/fitbit-blaze-1312660/review",
  month         = feb,
  year          = "2017"
}

@electronic{online:samsung_gear,
  author        = "Gareth Beavis",
  title         = "Fitbit Blaze review",
  url           = "http://www.techradar.com/reviews/wearables/samsung-gear-s3-classic-1327492/review",
  month         = jul,
  year          = "2017"
}

@electronic{online:endo_holter,
	author = {Endo Indonesia},
	title = {Holter System: EDAN SE-2003},
	year = {2017},
	url = {https://endo.id/catalog/product/edan-holter-ecg-3-channel},
}

@electronic{playstore_heart,
author = {Android Play Store},
title = {Apps},
year = {2017},
url = {https://play.google.com/store/search?q=heart%20rate&c=apps&hl=en},
OPTorganization = {Google},
OPTdate = {16},
OPTmonth = {July},
urldate = {16 July},
}


@article{daniel_barataa,
author = {Daniel Barata and Goncalo Louzada and Andreia Carreiro and Antonio Damasceno},
title = {System of acquisition, transmission, storage and visualization of Pulse Oximeter and ECG data using Android and MQTT },
journaltitle = {International Conference on Health and Social Care Information Systems and Technologies},
year = {2013},
}

@article{paola_pierleoni,
author = {Paola Pierleoni and Luca Pernini and Alberto Belli and Lorenzo Palma},
title = {An Android-Based Heart Monitoring System for the Elderly and
for Patients with Heart Disease},
journaltitle = {International Journal of Telemedicine and Applications},
year = {2014},
doi = {10.1155/2014/625156},
}

@inproceedings{vasu_jindal,
author = {Vasu Jindal},
title = {Integrating Mobile and Cloud for PPG Signal Selection to Monitor Heart Rate During Intensive Physical Exercise},
booktitle = {IEEE/ACM International Conference on Mobile Software Engineering and Systems},
year = {2016},
doi = {10.1145/2897073.2897132},
}

@article{mamidi,
author = {Mamidi Manisha and Katakam Neeraja and Vemuri Sindhura and Paruchuri Ramya},
title = {IoT on Heart Attack Detection and Heart Rate Monitoring},
journaltitle = {International Journal of Innovations in Engineering and Technology},
year = {2016},
}

@article{pantom,
author = {Jiapu Pan and Willis J. Tompkins},
title = {A Real-Time QRS Detection Algorithm},
journaltitle = {IEEE Transactions on Biomedical Engineering},
year = {1985},
volume = {BME-32},
number = {3},
}

@article{tsipouras,
author = {M.G. Tsipouras and D.I. Fotiadis and D. Sideris},
title = {An arrhythmia classification system based on the
RR-interval signal},
journaltitle = {Artificial Intelligence in Medicine},
year = {2005}
}

@article{aritmia_svm,
author = {Babak Mohammadzadeh Asl and Seyed Kamaledin Setarehdan and Maryam Mohebbi},
title = {Support vector machine-based arrhythmia classification using reduced features of heart rate variability signal},
journaltitle = {Artificial Intelligence in Medicine},
year = {2008},
doi ={10.1016/j.artmed.2008.04.007},
}

@inproceedings{aritmia_ann,
author = {Andrius Solosenko and Vaidotas Marozas},
title = {Automatic Premature Ventricular Contraction Detection in Photoplethysmographic Signals},
booktitle = {IEEE Biomedical Circuits and Systems Conference},
year = {2014},
doi = {10.1109/BioCAS.2014.6981642},
}


@article{mit_bih_paper,
author = {Moody GB and Mark RG},
title = {The impact of the MIT-BIH Arrhythmia Database},
journaltitle = {IEEE Eng in Med and Biol},
year = {2001},
}

@online{physionet,
author = {Goldberger AL and Amaral LAN and Glass L and Hausdorff JM and Ivanov PCh and Mark RG and Mietus JE and Moody GB and Peng C-K and Stanley HE.},
title = {PhysioBank, PhysioToolkit, and PhysioNet:
Components of a New Research Resource for Complex Physiologic Signals},
month = {jun},
year = {2000},
url = {http://circ.ahajournals.org/content/101/23/e215.full},
}